{
    "symbol": "OTLY",
    "annualReports": [
        {
            "fiscalDateEnding": "2024-12-31",
            "reportedCurrency": "USD",
            "grossProfit": "236492000",
            "totalRevenue": "823666000",
            "costOfRevenue": "587174000",
            "costofGoodsAndServicesSold": "587174000",
            "operatingIncome": "-186152000",
            "sellingGeneralAndAdministrative": "324719000",
            "researchAndDevelopment": "30135000",
            "operatingExpenses": "422644000",
            "investmentIncomeNet": "None",
            "netInterestIncome": "-57997000",
            "interestIncome": "10297000",
            "interestExpense": "68355274",
            "nonInterestIncome": "None",
            "otherNonOperatingIncome": "None",
            "depreciation": "None",
            "depreciationAndAmortization": "49966000",
            "incomeBeforeTax": "-198573000",
            "incomeTaxExpense": "3699000",
            "interestAndDebtExpense": "None",
            "netIncomeFromContinuingOperations": "-202272000",
            "comprehensiveIncomeNetOfTax": "None",
            "ebit": "-136094000",
            "ebitda": "-86128000",
            "netIncome": "-201949000"
        },
        {
            "fiscalDateEnding": "2023-12-31",
            "reportedCurrency": "USD",
            "grossProfit": "152083000",
            "totalRevenue": "783348000",
            "costOfRevenue": "631265000",
            "costofGoodsAndServicesSold": "631265000",
            "operatingIncome": "-457012000",
            "sellingGeneralAndAdministrative": "400576000",
            "researchAndDevelopment": "21047000",
            "operatingExpenses": "609095000",
            "investmentIncomeNet": "None",
            "netInterestIncome": "-53183000",
            "interestIncome": "12666000",
            "interestExpense": "49333000",
            "nonInterestIncome": "None",
            "otherNonOperatingIncome": "None",
            "depreciation": "None",
            "depreciationAndAmortization": "51968754",
            "incomeBeforeTax": "-408165000",
            "incomeTaxExpense": "8895000",
            "interestAndDebtExpense": "None",
            "netIncomeFromContinuingOperations": "-243454000",
            "comprehensiveIncomeNetOfTax": "None",
            "ebit": "-339755480",
            "ebitda": "-287786726",
            "netIncome": "-416874000"
        },
        {
            "fiscalDateEnding": "2022-12-31",
            "reportedCurrency": "USD",
            "grossProfit": "80027000",
            "totalRevenue": "722238000",
            "costOfRevenue": "642211000",
            "costofGoodsAndServicesSold": "642211000",
            "operatingIncome": "-395985000",
            "sellingGeneralAndAdministrative": "412799000",
            "researchAndDevelopment": "22262000",
            "operatingExpenses": "476012000",
            "investmentIncomeNet": "None",
            "netInterestIncome": "-1409000",
            "interestIncome": "2144000",
            "interestExpense": "14544438",
            "nonInterestIncome": "None",
            "otherNonOperatingIncome": "None",
            "depreciation": "None",
            "depreciationAndAmortization": "48315000",
            "incomeBeforeTax": "-397394000",
            "incomeTaxExpense": "-4827000",
            "interestAndDebtExpense": "None",
            "netIncomeFromContinuingOperations": "-392567000",
            "comprehensiveIncomeNetOfTax": "None",
            "ebit": "-383466000",
            "ebitda": "-335151000",
            "netIncome": "-392567000"
        },
        {
            "fiscalDateEnding": "2021-12-31",
            "reportedCurrency": "USD",
            "grossProfit": "155013000",
            "totalRevenue": "643190000",
            "costOfRevenue": "488177000",
            "costofGoodsAndServicesSold": "488177000",
            "operatingIncome": "-213743000",
            "sellingGeneralAndAdministrative": "353929000",
            "researchAndDevelopment": "16771000",
            "operatingExpenses": "368756000",
            "investmentIncomeNet": "None",
            "netInterestIncome": "-1305000",
            "interestIncome": "1774000",
            "interestExpense": "15447874",
            "nonInterestIncome": "None",
            "otherNonOperatingIncome": "None",
            "depreciation": "None",
            "depreciationAndAmortization": "27222000",
            "incomeBeforeTax": "-215048000",
            "incomeTaxExpense": "-2655000",
            "interestAndDebtExpense": "None",
            "netIncomeFromContinuingOperations": "-212393000",
            "comprehensiveIncomeNetOfTax": "None",
            "ebit": "-199371830",
            "ebitda": "-172149830",
            "netIncome": "-212393000"
        },
        {
            "fiscalDateEnding": "2020-12-31",
            "reportedCurrency": "USD",
            "grossProfit": "129244000",
            "totalRevenue": "421351000",
            "costOfRevenue": "292107000",
            "costofGoodsAndServicesSold": "292107000",
            "operatingIncome": "-47093000",
            "sellingGeneralAndAdministrative": "167792000",
            "researchAndDevelopment": "6831000",
            "operatingExpenses": "176337000",
            "investmentIncomeNet": "None",
            "netInterestIncome": "-12229000",
            "interestIncome": "119000",
            "interestExpense": "12473064",
            "nonInterestIncome": "None",
            "otherNonOperatingIncome": "None",
            "depreciation": "None",
            "depreciationAndAmortization": "13118000",
            "incomeBeforeTax": "-57950000",
            "incomeTaxExpense": "2411000",
            "interestAndDebtExpense": "None",
            "netIncomeFromContinuingOperations": "-60361000",
            "comprehensiveIncomeNetOfTax": "None",
            "ebit": "-46080000",
            "ebitda": "-32962000",
            "netIncome": "-60361000"
        },
        {
            "fiscalDateEnding": "2019-12-31",
            "reportedCurrency": "USD",
            "grossProfit": "66585000",
            "totalRevenue": "204047000",
            "costOfRevenue": "137462000",
            "costofGoodsAndServicesSold": "137462000",
            "operatingIncome": "-30759000",
            "sellingGeneralAndAdministrative": "93443000",
            "researchAndDevelopment": "4310000",
            "operatingExpenses": "97344000",
            "investmentIncomeNet": "None",
            "netInterestIncome": "-2596000",
            "interestIncome": "46000",
            "interestExpense": "2496000",
            "nonInterestIncome": "None",
            "otherNonOperatingIncome": "None",
            "depreciation": "None",
            "depreciationAndAmortization": "8089189",
            "incomeBeforeTax": "-34367000",
            "incomeTaxExpense": "1258000",
            "interestAndDebtExpense": "None",
            "netIncomeFromContinuingOperations": "-35625000",
            "comprehensiveIncomeNetOfTax": "None",
            "ebit": "-31817075",
            "ebitda": "-23727886",
            "netIncome": "-35625000"
        }
    ],
    "quarterlyReports": [
        {
            "fiscalDateEnding": "2025-06-30",
            "reportedCurrency": "USD",
            "grossProfit": "67625000",
            "totalRevenue": "208354000",
            "costOfRevenue": "140729000",
            "costofGoodsAndServicesSold": "140729000",
            "operatingIncome": "-22116000",
            "sellingGeneralAndAdministrative": "84111000",
            "researchAndDevelopment": "4605000",
            "operatingExpenses": "89727000",
            "investmentIncomeNet": "None",
            "netInterestIncome": "-31916000",
            "interestIncome": "None",
            "interestExpense": "16411839",
            "nonInterestIncome": "None",
            "otherNonOperatingIncome": "None",
            "depreciation": "None",
            "depreciationAndAmortization": "12294000",
            "incomeBeforeTax": "-54032000",
            "incomeTaxExpense": "1914000",
            "interestAndDebtExpense": "None",
            "netIncomeFromContinuingOperations": "-55946000",
            "comprehensiveIncomeNetOfTax": "None",
            "ebit": "-66326000",
            "ebitda": "-54032000",
            "netIncome": "-55946000"
        },
        {
            "fiscalDateEnding": "2025-03-31",
            "reportedCurrency": "USD",
            "grossProfit": "62330000",
            "totalRevenue": "197530000",
            "costOfRevenue": "135200000",
            "costofGoodsAndServicesSold": "135200000",
            "operatingIncome": "-18591000",
            "sellingGeneralAndAdministrative": "77498000",
            "researchAndDevelopment": "4391000",
            "operatingExpenses": "80921000",
            "investmentIncomeNet": "None",
            "netInterestIncome": "-12689000",
            "interestIncome": "None",
            "interestExpense": "13600000",
            "nonInterestIncome": "None",
            "otherNonOperatingIncome": "None",
            "depreciation": "None",
            "depreciationAndAmortization": "11181000",
            "incomeBeforeTax": "-9180000",
            "incomeTaxExpense": "3351000",
            "interestAndDebtExpense": "None",
            "netIncomeFromContinuingOperations": "-12531000",
            "comprehensiveIncomeNetOfTax": "None",
            "ebit": "4420000",
            "ebitda": "15601000",
            "netIncome": "-12430000"
        },
        {
            "fiscalDateEnding": "2024-12-31",
            "reportedCurrency": "USD",
            "grossProfit": "61617000",
            "totalRevenue": "214316000",
            "costOfRevenue": "152699000",
            "costofGoodsAndServicesSold": "152699000",
            "operatingIncome": "-89703000",
            "sellingGeneralAndAdministrative": "81973000",
            "researchAndDevelopment": "3728000",
            "operatingExpenses": "151320000",
            "investmentIncomeNet": "None",
            "netInterestIncome": "-46725000",
            "interestIncome": "None",
            "interestExpense": "15521901",
            "nonInterestIncome": "None",
            "otherNonOperatingIncome": "None",
            "depreciation": "None",
            "depreciationAndAmortization": "11932000",
            "incomeBeforeTax": "-90852000",
            "incomeTaxExpense": "505000",
            "interestAndDebtExpense": "None",
            "netIncomeFromContinuingOperations": "-91357000",
            "comprehensiveIncomeNetOfTax": "None",
            "ebit": "-39645000",
            "ebitda": "-27713000",
            "netIncome": "-91206000"
        },
        {
            "fiscalDateEnding": "2024-09-30",
            "reportedCurrency": "USD",
            "grossProfit": "62021000",
            "totalRevenue": "208000000",
            "costOfRevenue": "145979000",
            "costofGoodsAndServicesSold": "145979000",
            "operatingIncome": "-28957000",
            "sellingGeneralAndAdministrative": "79743000",
            "researchAndDevelopment": "10867000",
            "operatingExpenses": "90978000",
            "investmentIncomeNet": "None",
            "netInterestIncome": "-4284000",
            "interestIncome": "None",
            "interestExpense": "15497839",
            "nonInterestIncome": "None",
            "otherNonOperatingIncome": "None",
            "depreciation": "None",
            "depreciationAndAmortization": "12713000",
            "incomeBeforeTax": "-33241000",
            "incomeTaxExpense": "1389000",
            "interestAndDebtExpense": "None",
            "netIncomeFromContinuingOperations": "-34630000",
            "comprehensiveIncomeNetOfTax": "None",
            "ebit": "-28957000",
            "ebitda": "-16244000",
            "netIncome": "-34560000"
        },
        {
            "fiscalDateEnding": "2024-06-30",
            "reportedCurrency": "USD",
            "grossProfit": "58956000",
            "totalRevenue": "202195000",
            "costOfRevenue": "143239000",
            "costofGoodsAndServicesSold": "143239000",
            "operatingIncome": "-39079000",
            "sellingGeneralAndAdministrative": "84261000",
            "researchAndDevelopment": "10898000",
            "operatingExpenses": "98035000",
            "investmentIncomeNet": "None",
            "netInterestIncome": "10389000",
            "interestIncome": "2892000",
            "interestExpense": "16495553",
            "nonInterestIncome": "None",
            "otherNonOperatingIncome": "None",
            "depreciation": "None",
            "depreciationAndAmortization": "12308000",
            "incomeBeforeTax": "-28690000",
            "incomeTaxExpense": "1751000",
            "interestAndDebtExpense": "None",
            "netIncomeFromContinuingOperations": "-30441000",
            "comprehensiveIncomeNetOfTax": "None",
            "ebit": "-39079000",
            "ebitda": "-26771000",
            "netIncome": "-30384000"
        },
        {
            "fiscalDateEnding": "2024-03-31",
            "reportedCurrency": "USD",
            "grossProfit": "53898000",
            "totalRevenue": "199155000",
            "costOfRevenue": "145257000",
            "costofGoodsAndServicesSold": "145257000",
            "operatingIncome": "-28413000",
            "sellingGeneralAndAdministrative": "78742000",
            "researchAndDevelopment": "4642000",
            "operatingExpenses": "82311000",
            "investmentIncomeNet": "None",
            "netInterestIncome": "-17400000",
            "interestIncome": "None",
            "interestExpense": "12336000",
            "nonInterestIncome": "None",
            "otherNonOperatingIncome": "None",
            "depreciation": "None",
            "depreciationAndAmortization": "13013000",
            "incomeBeforeTax": "-45790000",
            "incomeTaxExpense": "54000",
            "interestAndDebtExpense": "None",
            "netIncomeFromContinuingOperations": "-45844000",
            "comprehensiveIncomeNetOfTax": "None",
            "ebit": "-33490000",
            "ebitda": "-20477000",
            "netIncome": "-45799000"
        },
        {
            "fiscalDateEnding": "2023-12-31",
            "reportedCurrency": "USD",
            "grossProfit": "47778000",
            "totalRevenue": "204121000",
            "costOfRevenue": "156343000",
            "costofGoodsAndServicesSold": "156343000",
            "operatingIncome": "-242615000",
            "sellingGeneralAndAdministrative": "80721000",
            "researchAndDevelopment": "5328000",
            "operatingExpenses": "290393000",
            "investmentIncomeNet": "None",
            "netInterestIncome": "-10757000",
            "interestIncome": "5129000",
            "interestExpense": "15706000",
            "nonInterestIncome": "None",
            "otherNonOperatingIncome": "None",
            "depreciation": "None",
            "depreciationAndAmortization": "14771023",
            "incomeBeforeTax": "-293101000",
            "incomeTaxExpense": "5674000",
            "interestAndDebtExpense": "None",
            "netIncomeFromContinuingOperations": "-298775000",
            "comprehensiveIncomeNetOfTax": "None",
            "ebit": "-128454749",
            "ebitda": "-113683726",
            "netIncome": "-298663000"
        },
        {
            "fiscalDateEnding": "2023-09-30",
            "reportedCurrency": "USD",
            "grossProfit": "32561000",
            "totalRevenue": "187595000",
            "costOfRevenue": "155034000",
            "costofGoodsAndServicesSold": "155034000",
            "operatingIncome": "-67348000",
            "sellingGeneralAndAdministrative": "87125000",
            "researchAndDevelopment": "4684000",
            "operatingExpenses": "99909000",
            "investmentIncomeNet": "None",
            "netInterestIncome": "-11316000",
            "interestIncome": "4383000",
            "interestExpense": "15992937",
            "nonInterestIncome": "None",
            "otherNonOperatingIncome": "None",
            "depreciation": "None",
            "depreciationAndAmortization": "12559000",
            "incomeBeforeTax": "45493000",
            "incomeTaxExpense": "1482000",
            "interestAndDebtExpense": "None",
            "netIncomeFromContinuingOperations": "44011000",
            "comprehensiveIncomeNetOfTax": "None",
            "ebit": "-67348000",
            "ebitda": "-54789000",
            "netIncome": "44085000"
        },
        {
            "fiscalDateEnding": "2023-06-30",
            "reportedCurrency": "USD",
            "grossProfit": "37656000",
            "totalRevenue": "195987000",
            "costOfRevenue": "158331000",
            "costofGoodsAndServicesSold": "158331000",
            "operatingIncome": "-75480000",
            "sellingGeneralAndAdministrative": "106695000",
            "researchAndDevelopment": "5321000",
            "operatingExpenses": "113136000",
            "investmentIncomeNet": "None",
            "netInterestIncome": "-11512000",
            "interestIncome": "2808000",
            "interestExpense": "32564561",
            "nonInterestIncome": "None",
            "otherNonOperatingIncome": "None",
            "depreciation": "None",
            "depreciationAndAmortization": "12464000",
            "incomeBeforeTax": "-86992000",
            "incomeTaxExpense": "-273000",
            "interestAndDebtExpense": "None",
            "netIncomeFromContinuingOperations": "-86719000",
            "comprehensiveIncomeNetOfTax": "None",
            "ebit": "-72442000",
            "ebitda": "-59978000",
            "netIncome": "-86719000"
        },
        {
            "fiscalDateEnding": "2023-03-31",
            "reportedCurrency": "USD",
            "grossProfit": "34088000",
            "totalRevenue": "195645000",
            "costOfRevenue": "161557000",
            "costofGoodsAndServicesSold": "161557000",
            "operatingIncome": "-71569000",
            "sellingGeneralAndAdministrative": "98855000",
            "researchAndDevelopment": "5714000",
            "operatingExpenses": "105657000",
            "investmentIncomeNet": "None",
            "netInterestIncome": "-1996000",
            "interestIncome": "346000",
            "interestExpense": "1996000",
            "nonInterestIncome": "None",
            "otherNonOperatingIncome": "None",
            "depreciation": "None",
            "depreciationAndAmortization": "12233000",
            "incomeBeforeTax": "-73565000",
            "incomeTaxExpense": "2012000",
            "interestAndDebtExpense": "None",
            "netIncomeFromContinuingOperations": "-75577000",
            "comprehensiveIncomeNetOfTax": "None",
            "ebit": "-71569000",
            "ebitda": "-59336000",
            "netIncome": "-75577000"
        },
        {
            "fiscalDateEnding": "2022-12-31",
            "reportedCurrency": "USD",
            "grossProfit": "31053000",
            "totalRevenue": "195068000",
            "costOfRevenue": "164015000",
            "costofGoodsAndServicesSold": "164015000",
            "operatingIncome": "-125031000",
            "sellingGeneralAndAdministrative": "107901000",
            "researchAndDevelopment": "7035000",
            "operatingExpenses": "156084000",
            "investmentIncomeNet": "None",
            "netInterestIncome": "3098000",
            "interestIncome": "368000",
            "interestExpense": "3098000",
            "nonInterestIncome": "None",
            "otherNonOperatingIncome": "None",
            "depreciation": "None",
            "depreciationAndAmortization": "13550000",
            "incomeBeforeTax": "-121933000",
            "incomeTaxExpense": "3236000",
            "interestAndDebtExpense": "None",
            "netIncomeFromContinuingOperations": "-125169000",
            "comprehensiveIncomeNetOfTax": "None",
            "ebit": "-125031000",
            "ebitda": "-111481000",
            "netIncome": "-125169000"
        },
        {
            "fiscalDateEnding": "2022-09-30",
            "reportedCurrency": "USD",
            "grossProfit": "4982000",
            "totalRevenue": "183026000",
            "costOfRevenue": "178044000",
            "costofGoodsAndServicesSold": "178044000",
            "operatingIncome": "-104368000",
            "sellingGeneralAndAdministrative": "103765000",
            "researchAndDevelopment": "5245000",
            "operatingExpenses": "109350000",
            "investmentIncomeNet": "None",
            "netInterestIncome": "-2996000",
            "interestIncome": "430000",
            "interestExpense": "3305000",
            "nonInterestIncome": "None",
            "otherNonOperatingIncome": "None",
            "depreciation": "None",
            "depreciationAndAmortization": "12067353",
            "incomeBeforeTax": "-111859000",
            "incomeTaxExpense": "-3910000",
            "interestAndDebtExpense": "None",
            "netIncomeFromContinuingOperations": "-107949000",
            "comprehensiveIncomeNetOfTax": "None",
            "ebit": "-103598382",
            "ebitda": "-91531029",
            "netIncome": "-107949000"
        },
        {
            "fiscalDateEnding": "2022-06-30",
            "reportedCurrency": "USD",
            "grossProfit": "28144000",
            "totalRevenue": "177958000",
            "costOfRevenue": "149814000",
            "costofGoodsAndServicesSold": "149814000",
            "operatingIncome": "-74429000",
            "sellingGeneralAndAdministrative": "97060000",
            "researchAndDevelopment": "5718000",
            "operatingExpenses": "102573000",
            "investmentIncomeNet": "None",
            "netInterestIncome": "-2719000",
            "interestIncome": "678000",
            "interestExpense": "3259000",
            "nonInterestIncome": "None",
            "otherNonOperatingIncome": "None",
            "depreciation": "None",
            "depreciationAndAmortization": "11876000",
            "incomeBeforeTax": "-75022000",
            "incomeTaxExpense": "-3032000",
            "interestAndDebtExpense": "None",
            "netIncomeFromContinuingOperations": "-71990000",
            "comprehensiveIncomeNetOfTax": "None",
            "ebit": "-73877527",
            "ebitda": "-62001527",
            "netIncome": "-71990000"
        },
        {
            "fiscalDateEnding": "2022-03-31",
            "reportedCurrency": "USD",
            "grossProfit": "15848000",
            "totalRevenue": "166186000",
            "costOfRevenue": "150338000",
            "costofGoodsAndServicesSold": "150338000",
            "operatingIncome": "-85304000",
            "sellingGeneralAndAdministrative": "104073000",
            "researchAndDevelopment": "4264000",
            "operatingExpenses": "108005000",
            "investmentIncomeNet": "None",
            "netInterestIncome": "-2731000",
            "interestIncome": "668000",
            "interestExpense": "3276000",
            "nonInterestIncome": "None",
            "otherNonOperatingIncome": "None",
            "depreciation": "None",
            "depreciationAndAmortization": "10731000",
            "incomeBeforeTax": "-88580000",
            "incomeTaxExpense": "-1118360",
            "interestAndDebtExpense": "None",
            "netIncomeFromContinuingOperations": "-87459000",
            "comprehensiveIncomeNetOfTax": "None",
            "ebit": "-85304000",
            "ebitda": "-74573000",
            "netIncome": "-87459000"
        },
        {
            "fiscalDateEnding": "2021-12-31",
            "reportedCurrency": "USD",
            "grossProfit": "15848000",
            "totalRevenue": "166186000",
            "costOfRevenue": "150338000",
            "costofGoodsAndServicesSold": "150338000",
            "operatingIncome": "-85304000",
            "sellingGeneralAndAdministrative": "118900000",
            "researchAndDevelopment": "4264000",
            "operatingExpenses": "108005000",
            "investmentIncomeNet": "None",
            "netInterestIncome": "7480000",
            "interestIncome": "822000",
            "interestExpense": "3276000",
            "nonInterestIncome": "None",
            "otherNonOperatingIncome": "None",
            "depreciation": "None",
            "depreciationAndAmortization": "10705732",
            "incomeBeforeTax": "-88580000",
            "incomeTaxExpense": "-1121000",
            "interestAndDebtExpense": "None",
            "netIncomeFromContinuingOperations": "-79753000",
            "comprehensiveIncomeNetOfTax": "None",
            "ebit": "-88371421",
            "ebitda": "-77665689",
            "netIncome": "-87459000"
        },
        {
            "fiscalDateEnding": "2021-09-30",
            "reportedCurrency": "USD",
            "grossProfit": "44877000",
            "totalRevenue": "171062000",
            "costOfRevenue": "126185000",
            "costofGoodsAndServicesSold": "126185000",
            "operatingIncome": "-44457000",
            "sellingGeneralAndAdministrative": "85090000",
            "researchAndDevelopment": "4052000",
            "operatingExpenses": "89334000",
            "investmentIncomeNet": "None",
            "netInterestIncome": "-2011000",
            "interestIncome": "632000",
            "interestExpense": "2438000",
            "nonInterestIncome": "None",
            "otherNonOperatingIncome": "None",
            "depreciation": "None",
            "depreciationAndAmortization": "7922000",
            "incomeBeforeTax": "-40626000",
            "incomeTaxExpense": "567000",
            "interestAndDebtExpense": "None",
            "netIncomeFromContinuingOperations": "-41193000",
            "comprehensiveIncomeNetOfTax": "None",
            "ebit": "-40566732",
            "ebitda": "-32644732",
            "netIncome": "-41193000"
        },
        {
            "fiscalDateEnding": "2021-06-30",
            "reportedCurrency": "USD",
            "grossProfit": "38607000",
            "totalRevenue": "146151000",
            "costOfRevenue": "107544000",
            "costofGoodsAndServicesSold": "107544000",
            "operatingIncome": "-48104000",
            "sellingGeneralAndAdministrative": "83132000",
            "researchAndDevelopment": "3952000",
            "operatingExpenses": "86711000",
            "investmentIncomeNet": "None",
            "netInterestIncome": "-5477000",
            "interestIncome": "215000",
            "interestExpense": "5556000",
            "nonInterestIncome": "None",
            "otherNonOperatingIncome": "None",
            "depreciation": "None",
            "depreciationAndAmortization": "4631387",
            "incomeBeforeTax": "-58800000",
            "incomeTaxExpense": "264000",
            "interestAndDebtExpense": "None",
            "netIncomeFromContinuingOperations": "-59064000",
            "comprehensiveIncomeNetOfTax": "None",
            "ebit": "-53233387",
            "ebitda": "-48602000",
            "netIncome": "-59064000"
        },
        {
            "fiscalDateEnding": "2021-03-31",
            "reportedCurrency": "USD",
            "grossProfit": "41934000",
            "totalRevenue": "140052000",
            "costOfRevenue": "98118000",
            "costofGoodsAndServicesSold": "98118000",
            "operatingIncome": "-28515000",
            "sellingGeneralAndAdministrative": "66807000",
            "researchAndDevelopment": "3092000",
            "operatingExpenses": "70449000",
            "investmentIncomeNet": "None",
            "netInterestIncome": "-3422000",
            "interestIncome": "105000",
            "interestExpense": "3476000",
            "nonInterestIncome": "None",
            "otherNonOperatingIncome": "None",
            "depreciation": "None",
            "depreciationAndAmortization": "3787710",
            "incomeBeforeTax": "-30435000",
            "incomeTaxExpense": "1948000",
            "interestAndDebtExpense": "None",
            "netIncomeFromContinuingOperations": "-32383000",
            "comprehensiveIncomeNetOfTax": "None",
            "ebit": "-28480710",
            "ebitda": "-24693000",
            "netIncome": "-32383000"
        },
        {
            "fiscalDateEnding": "2020-12-31",
            "reportedCurrency": "USD",
            "grossProfit": "35199000",
            "totalRevenue": "127116000",
            "costOfRevenue": "91917000",
            "costofGoodsAndServicesSold": "91917000",
            "operatingIncome": "-29693000",
            "sellingGeneralAndAdministrative": "63015000",
            "researchAndDevelopment": "2657000",
            "operatingExpenses": "64892000",
            "investmentIncomeNet": "None",
            "netInterestIncome": "-3234000",
            "interestIncome": "70000",
            "interestExpense": "3245000",
            "nonInterestIncome": "None",
            "otherNonOperatingIncome": "None",
            "depreciation": "None",
            "depreciationAndAmortization": "3898000",
            "incomeBeforeTax": "-35906000",
            "incomeTaxExpense": "1085000",
            "interestAndDebtExpense": "None",
            "netIncomeFromContinuingOperations": "-36991000",
            "comprehensiveIncomeNetOfTax": "None",
            "ebit": "-32661000",
            "ebitda": "-28763000",
            "netIncome": "-36991000"
        },
        {
            "fiscalDateEnding": "2020-09-30",
            "reportedCurrency": "USD",
            "grossProfit": "35951000",
            "totalRevenue": "114682000",
            "costOfRevenue": "78731000",
            "costofGoodsAndServicesSold": "78731000",
            "operatingIncome": "-7882000",
            "sellingGeneralAndAdministrative": "40591000",
            "researchAndDevelopment": "1692000",
            "operatingExpenses": "43833000",
            "investmentIncomeNet": "None",
            "netInterestIncome": "-3992000",
            "interestIncome": "47000",
            "interestExpense": "4008000",
            "nonInterestIncome": "None",
            "otherNonOperatingIncome": "None",
            "depreciation": "None",
            "depreciationAndAmortization": "3256000",
            "incomeBeforeTax": "-9853000",
            "incomeTaxExpense": "554000",
            "interestAndDebtExpense": "None",
            "netIncomeFromContinuingOperations": "-10407000",
            "comprehensiveIncomeNetOfTax": "None",
            "ebit": "-6382000",
            "ebitda": "-3126000",
            "netIncome": "-10407000"
        },
        {
            "fiscalDateEnding": "2020-06-30",
            "reportedCurrency": "USD",
            "grossProfit": "30811000",
            "totalRevenue": "95309000",
            "costOfRevenue": "64498000",
            "costofGoodsAndServicesSold": "64498000",
            "operatingIncome": "-4347000",
            "sellingGeneralAndAdministrative": "33345000",
            "researchAndDevelopment": "1303000",
            "operatingExpenses": "35158000",
            "investmentIncomeNet": "None",
            "netInterestIncome": "-3621000",
            "interestIncome": "1000",
            "interestExpense": "3296000",
            "nonInterestIncome": "None",
            "otherNonOperatingIncome": "None",
            "depreciation": "None",
            "depreciationAndAmortization": "3113000",
            "incomeBeforeTax": "-4370000",
            "incomeTaxExpense": "420000",
            "interestAndDebtExpense": "None",
            "netIncomeFromContinuingOperations": "-4790000",
            "comprehensiveIncomeNetOfTax": "None",
            "ebit": "-1074000",
            "ebitda": "2039000",
            "netIncome": "-4790000"
        },
        {
            "fiscalDateEnding": "2020-03-31",
            "reportedCurrency": "USD",
            "grossProfit": "27283000",
            "totalRevenue": "84244000",
            "costOfRevenue": "56961000",
            "costofGoodsAndServicesSold": "56961000",
            "operatingIncome": "-5171000",
            "sellingGeneralAndAdministrative": "30841000",
            "researchAndDevelopment": "1179000",
            "operatingExpenses": "32454000",
            "investmentIncomeNet": "None",
            "netInterestIncome": "-1381000",
            "interestIncome": "1000",
            "interestExpense": "1322000",
            "nonInterestIncome": "None",
            "otherNonOperatingIncome": "None",
            "depreciation": "None",
            "depreciationAndAmortization": "2851000",
            "incomeBeforeTax": "-7821000",
            "incomeTaxExpense": "352000",
            "interestAndDebtExpense": "None",
            "netIncomeFromContinuingOperations": "-8173000",
            "comprehensiveIncomeNetOfTax": "None",
            "ebit": "-6499000",
            "ebitda": "-3648000",
            "netIncome": "-8173000"
        }
    ]
}